@Article{teegen2021haskell,
  author       = {Teegen, Finn and Prott, Kai-Oliver and Bunkenburg,
                  Niels},
  title        = {Haskell-1: automatic function inversion in Haskell},
  year         = 2021,
  month        = {Aug},
  doi          = {10.1145/3471874.3472982},
  journal      = {Proceedings of the 14th ACM SIGPLAN International
                  Symposium on Haskell},
  publisher    = {ACM}
}

@Article{abramov2000universal,
  author       = {Abramov, Sergei and Glück, Robert},
  title        = {The Universal Resolving Algorithm: Inverse
                  Computation in a Functional Language},
  year         = 2000,
  pages        = {187–212},
  issn         = {1611-3349},
  doi          = {10.1007/10722010_13},
  isbn         = 9783540450252,
  journal      = {Mathematics of Program Construction},
  publisher    = {Springer Berlin Heidelberg}
}

@Article{abramov2007universal,
  author       = {Abramov, Sergei and Glück, Robert and Klimov, Yuri},
  title        = {An Universal Resolving Algorithm for Inverse
                  Computation of Lazy Languages},
  year         = 2007,
  pages        = {27–40},
  doi          = {10.1007/978-3-540-70881-0_6},
  isbn         = 9783540708810,
  journal      = {Lecture Notes in Computer Science},
  publisher    = {Springer Berlin Heidelberg}
}

@Article{yokoyama2012towards,
  author       = {Yokoyama, Tetsuo and Axelsen, Holger Bock and Glück,
                  Robert},
  title        = {Towards a Reversible Functional Language},
  year         = 2012,
  pages        = {14–29},
  issn         = {1611-3349},
  doi          = {10.1007/978-3-642-29517-1_2},
  isbn         = 9783642295171,
  journal      = {Lecture Notes in Computer Science},
  publisher    = {Springer Berlin Heidelberg}
}

@Article{gluck2004LR,
  author       = {Glück, Robert and Kawabe, Masahiko},
  title        = {Derivation of Deterministic Inverse Programs Based
                  on LR Parsing},
  year         = 2004,
  pages        = {291–306},
  issn         = {1611-3349},
  doi          = {10.1007/978-3-540-24754-8_21},
  isbn         = 9783540247548,
  journal      = {Lecture Notes in Computer Science},
  publisher    = {Springer Berlin Heidelberg}
}

@Article{gluck2003Inverter,
  author       = {Glück, Robert and Kawabe, Masahiko},
  title        = {A Program Inverter for a Functional Language with
                  Equality and Constructors},
  year         = 2003,
  pages        = {246–264},
  issn         = {1611-3349},
  doi          = {10.1007/978-3-540-40018-9_17},
  isbn         = 9783540400189,
  journal      = {Lecture Notes in Computer Science},
  publisher    = {Springer Berlin Heidelberg}
}

@Article{Hanus2013Curry,
  author       = {Hanus, Michael},
  title        = {Functional Logic Programming: From Theory to Curry},
  year         = 2013,
  pages        = {123–168},
  issn         = {1611-3349},
  doi          = {10.1007/978-3-642-37651-1_6},
  isbn         = 9783642376511,
  journal      = {Lecture Notes in Computer Science},
  publisher    = {Springer Berlin Heidelberg}
}

@Article{Moura2008Z3,
  author       = {de Moura, Leonardo and Bjørner, Nikolaj},
  title        = {Z3: An Efficient SMT Solver},
  year         = 2008,
  pages        = {337–340},
  issn         = {1611-3349},
  doi          = {10.1007/978-3-540-78800-3_24},
  isbn         = 9783540788003,
  journal      = {Lecture Notes in Computer Science},
  publisher    = {Springer Berlin Heidelberg}
}

@inproceedings{marlow2013haxl,
  title={The haxl project at facebook},
  author={Marlow, Simon and Coens, Jon and Brandy, Louis and Purdy, Jon},
  booktitle={Proceedings of the Code Mesh London},
  year={2013}
}

@Article{wheeler1995tea,
  author       = {Wheeler, David J. and Needham, Roger M.},
  title        = {TEA, a tiny encryption algorithm},
  year         = 1995,
  pages        = {363–366},
  issn         = {1611-3349},
  doi          = {10.1007/3-540-60590-8_29},
  url          = {http://dx.doi.org/10.1007/3-540-60590-8_29},
  isbn         = 9783540478096,
  journal      = {Lecture Notes in Computer Science},
  publisher    = {Springer Berlin Heidelberg}
}

@Article{mu2004,
  author       = {Mu, Shin-Cheng and Hu, Zhenjiang and Takeichi,
                  Masato},
  title        = {An Injective Language for Reversible Computation},
  year         = 2004,
  pages        = {289–313},
  issn         = {1611-3349},
  doi          = {10.1007/978-3-540-27764-4_16},
  isbn         = 9783540277644,
  journal      = {Mathematics of Program Construction},
  publisher    = {Springer Berlin Heidelberg}
}

@inproceedings{Vazou2016LiquidHH,
  title={Liquid Haskell: Haskell as a Theorem Prover},
  author={Niki Vazou},
  year={2016}
}

@inproceedings{sheard2002template,
  title={Template meta-programming for Haskell},
  author={Sheard, Tim and Jones, Simon Peyton},
  booktitle={Proceedings of the 2002 ACM SIGPLAN workshop on Haskell},
  pages={1--16},
  year={2002}
}
